@article{schmidt2019slice,
  title={Slice Scheduling with QoS-Guarantee Towards 5G},
  author={Schmidt, Robert and Chang, Chia-Yu and Nikaein, Navid},
  booktitle={2019 IEEE Global Communications Conference (GLOBECOM)},
  pages={1--7},
  year={2019},
  organization={IEEE}
}
@article{aiNS,
  title={AI-assisted network-slicing based next-generation wireless networks},
  author={Shen, Xuemin and Gao, Jie and Wu, Wen and Lyu, Kangjia and Li, Mushu and Zhuang, Weihua and Li, Xu and Rao, Jaya},
  journal={IEEE Open Journal of Vehicular Technology},
  volume={1},
  pages={45--66},
  year={2020},
  publisher={IEEE}
}
@article{drl,
  title={Deep reinforcement learning for resource management in network slicing},
  author={Li, Rongpeng and Zhao, Zhifeng and Sun, Qi and Chih-Lin, I and Yang, Chenyang and Chen, Xianfu and Zhao, Minjian and Zhang, Honggang},
  journal={IEEE Access},
  volume={6},
  pages={74429--74441},
  year={2018},
  publisher={IEEE}
}
@article{gan,
  title={Gan-based deep distributional reinforcement learning for resource management in network slicing},
  author={Hua, Yuxiu and Li, Rongpeng and Zhao, Zhifeng and Zhang, Honggang and Chen, Xianfu},
  journal={arXiv preprint arXiv:1905.03929},
  year={2019}
}